<?xml version="1.0" encoding="UTF-8"?><collection><record><leader>06803ntm a2200601 a 4500</leader><controlfield tag="001">006814120</controlfield><controlfield tag="003">MiAaHDL</controlfield><controlfield tag="005">20190719000000.0</controlfield><controlfield tag="006">m        d        </controlfield><controlfield tag="007">cr bn ---auaua</controlfield><controlfield tag="008">090608s1516    xx            00| ||per d</controlfield><datafield tag="035" ind1=" " ind2=" "><subfield code="a">(MiU)006814120</subfield></datafield><datafield tag="035" ind1=" " ind2=" "><subfield code="a">sdr-miu006814120</subfield></datafield><datafield tag="040" ind1=" " ind2=" "><subfield code="a">MiU</subfield><subfield code="c">MiU</subfield><subfield code="e">amremm</subfield></datafield><datafield tag="043" ind1=" " ind2=" "><subfield code="a">n-us-mi</subfield><subfield code="a">ff-----</subfield><subfield code="a">aw-----</subfield><subfield code="a">e-sp---</subfield></datafield><datafield tag="100" ind1="0" ind2=" "><subfield code="6">880-01</subfield><subfield code="a">Jāmī,</subfield><subfield code="d">1414-1492.</subfield></datafield><datafield tag="245" ind1="1" ind2="0"><subfield code="6">880-02</subfield><subfield code="a">Nafaḥāt al-uns min ḥaḍarāt al-quds,</subfield><subfield code="f">[921, i.e. 1516].</subfield></datafield><datafield tag="246" ind1="3" ind2="8"><subfield code="6">880-03</subfield><subfield code="a">Ṭabaqāt al-Ṣūfīyah</subfield></datafield><datafield tag="260" ind1=" " ind2=" "><subfield code="c">[1516].</subfield></datafield><datafield tag="300" ind1=" " ind2=" "><subfield code="a">321 leaves :</subfield><subfield code="b">paper ;</subfield><subfield code="c">210 x 145 (144 x 84) bound to 220 x 155 mm.</subfield></datafield><datafield tag="500" ind1=" " ind2=" "><subfield code="a">Shelfmark: Ann Arbor, University of Michigan, Special Collections Library, Isl. Ms. 669</subfield></datafield><datafield tag="500" ind1=" " ind2=" "><subfield code="a">Origin: As appears in colophon on fol.320a, copy finished on Tuesday the last of Dhū al-Qaʻdah 921 [ca. 5 January 1516].</subfield></datafield><datafield tag="500" ind1=" " ind2=" "><subfield code="a">Accompanying materials: Scrap of laid paper found between fol.196-197 (p.392-393) with excerpt from another work in hand similar to the hand in which some glosses are supplied.</subfield></datafield><datafield tag="500" ind1=" " ind2=" "><subfield code="a">Former shelfmark: From spine label and inscription on interior of upper cover, "IL 239" (likely supplied by Yahuda).</subfield></datafield><datafield tag="500" ind1=" " ind2=" "><subfield code="a">Binding: Heavy pasteboards covered in black cloth and black leather over spine (quater binding) ; Western style binding ; pastedowns and flyleaves of green wove paper ; spine ridges with gold-stamped fillets and accents, as well as title and author"طبقات الصوفية | الجامي" ; in fair condition, though leather is badly worn and rotting, and upper cover is detaching from spine leaving upper board exposed.</subfield></datafield><datafield tag="500" ind1=" " ind2=" "><subfield code="a">Support: Mainly European paper with laid lines running vertically, spaced roughly 10 laid lines per cm., single chain lines running horizontally spaced roughly 32-38 mm. apart, and font with lid and cross / flower (or cardinal’s mitre / chapeau) watermark (see p.4, 88, 92, 100, etc.), heavily sized and burnished (burnishers marks visible) ; few inclusions ; a few leaves with laid lines running horizontally and chain lines running vertically ; at least one leaf of non-European paper (see p.96).</subfield></datafield><datafield tag="500" ind1=" " ind2=" "><subfield code="a">Decoration: Illuminated frontispiece on fol.1a (p.1) evokes book cover decoration ; large gold-filled scalloped mandorla (likely intended to carry title or ex libris but empty) with pendants carrying floral design in black light blue-green and pink-lavender, all outlined in black fillet with white band ; corner pieces carry vegetal design in blue, white, red, pink-lavender, light blue-green, gold, and black outlines on a field of gold with lapis lazuli accents ; remaining area of panel is filled with swirling vegetal design in red, white, pink-lavender, light-blue, gold, and black outlines on a field of lapis lazuli, entire area outlined in white band with black fillet ; entire piece is framed in a series of gold bands (varying thicknesses) outlined by black fillets ; simple illuminated headpiece (ʻunwān / sarlawḥ) on fol.1b (p.2) consists of triangular piece in gold filled with gold vegetal design ; elaborate frame consisting of two gold bands (of two different thicknesses) outlined by black fillets and an outermost blue fillet appears throughout; incipit and facing page (fol.1b-2a / p.2-3) decorated with gilt cloud-bands ; textual dividers in the form of three dots, etc. in red ; text rubricated with section headings, names for each biographical entry, textual dividers, some overlinings, etc. in red.</subfield></datafield><datafield tag="500" ind1=" " ind2=" "><subfield code="a">Script: Nastaʻlīq (talik) ; elegant Ottoman hand in a medium to bold line ; characteristically serifless with gentle effect of words descending to the baseline, sweeping descenders, final or free-standing nūn with point nearly assimilating with return stroke of wide, tall bowl, point, hāʼ mudghamah looking like two inverted commas, one over the other, pointing (two and three dots) in distinct or conjoined dots.</subfield></datafield><datafield tag="500" ind1=" " ind2=" "><subfield code="a">Layout: Written in 21 lines per page; frame-ruled (impression of ruling board evident).</subfield></datafield><datafield tag="500" ind1=" " ind2=" "><subfield code="a">Collation: i, 12 VI (144), V (154), 13 VI (310), V+1 (321), i ; chiefly sexternions ; catchwords present ; final leaf blank but without missing text, likely once served as flyleaf, not accounted for in foliation ; foliation in black ink, Hindu-Arabic numerals continues through fol.320 ; pagination in pencil, Western numerals (supplied during cataloguing).</subfield></datafield><datafield tag="500" ind1=" " ind2=" "><subfield code="a">Colophon: "Scribal," roughly triangular, essentially unpointed, reads: "والحمد لله على الاتمام والصلوه على خير الانام وآله البرره الكرام والسلام على من اتبع الهدى تم الكتاب بعون الملك الوهاب يوم الثلثاء في اخر شهر المبارك ذى القعده في تاريخ سنة ٩٢١"</subfield></datafield><datafield tag="500" ind1=" " ind2=" "><subfield code="a">Explicit: كارشان جز نفى ذات و وصف فعل خويش نيست ای خدا چبود كه جامى را كنى در كارشان. رباعيه في تاريخ اتمامه ... و سيوم گشت تمام</subfield></datafield><datafield tag="500" ind1=" " ind2=" "><subfield code="a">Incipit: الحمد لله الذي جعل مرائي قلوب اوليائه مجيالى وجهه الكريم والاح منا على صفايح وجوهم لوايح نوره القديم</subfield></datafield><datafield tag="500" ind1=" " ind2=" "><subfield code="a">Title from preface on fol.2b (p.4).</subfield></datafield><datafield tag="500" ind1=" " ind2=" "><subfield code="a">Ms. codex.</subfield></datafield><datafield tag="510" ind1="4" ind2=" "><subfield code="a">Ḥājjī Khalīfah. Kashf al-ẓunūn,</subfield><subfield code="c">vi 367</subfield></datafield><datafield tag="510" ind1="4" ind2=" "><subfield code="a">Brockelmann, C. GAL,</subfield><subfield code="c">I, 433 ; II, 207</subfield></datafield><datafield tag="510" ind1="4" ind2=" "><subfield code="a">Cat. Pers. MSS. Brit. Mus.,</subfield><subfield code="c">i, p. 349</subfield></datafield><datafield tag="520" ind1="8" ind2=" "><subfield code="a">Fine copy of ʻAbd al-Raḥmān al-Jāmī's (817-898/1414-1492) prized collection of biographies of Ṣūfīs and saints accompanied by a comprehensive study of Sufism.</subfield></datafield><datafield tag="538" ind1=" " ind2=" "><subfield code="a">Mode of access: Internet.</subfield></datafield><datafield tag="541" ind1=" " ind2=" "><subfield code="a">Acquired in 1926 from the bookseller Isaac Benjamin S.E. Yahuda via purchase transacted on his behalf by Abraham Shalom Yahuda (1877-1951), his younger brother.</subfield></datafield><datafield tag="546" ind1=" " ind2=" "><subfield code="a">Persian.</subfield></datafield><datafield tag="561" ind1=" " ind2=" "><subfield code="a">Conspicuous lack of ownership marks ; occasional glosses, marginal corrections, and notabilia (side heads).</subfield></datafield><datafield tag="600" ind1="1" ind2="0"><subfield code="a">Anṣārī al-Harawī, ʻAbd Allāh ibn Muḥammad,</subfield><subfield code="d">1006-1089.</subfield><subfield code="t">Ṭabaqāt al-Ṣūfīyah.</subfield></datafield><datafield tag="600" ind1="1" ind2="0"><subfield code="a">Sulamī, Muḥammad ibn al-Ḥusayn,</subfield><subfield code="d">d. 1021.</subfield><subfield code="t">Ṭabaqāt al-Ṣūfīyah.</subfield></datafield><datafield tag="650" ind1=" " ind2="0"><subfield code="a">Manuscripts, Persian</subfield><subfield code="z">Michigan</subfield><subfield code="z">Ann Arbor.</subfield></datafield><datafield tag="650" ind1=" " ind2="0"><subfield code="a">Muslim saints</subfield><subfield code="v">Biography</subfield><subfield code="v">Early works to 1800.</subfield></datafield><datafield tag="650" ind1=" " ind2="0"><subfield code="a">Sufism</subfield><subfield code="v">Biography</subfield><subfield code="v">Early works to 1800.</subfield></datafield><datafield tag="655" ind1=" " ind2="7"><subfield code="a">Headpieces (layout features)</subfield><subfield code="z">Islamic empire</subfield><subfield code="y">16th century.</subfield><subfield code="2">aat</subfield></datafield><datafield tag="773" ind1="0" ind2=" "><subfield code="a">Yahuda Collection.</subfield></datafield><datafield tag="880" ind1="3" ind2="8"><subfield code="6">246-03/</subfield><subfield code="a">طبقات الصوفية</subfield></datafield><datafield tag="880" ind1="1" ind2="0"><subfield code="6">245-02/</subfield><subfield code="a">نفحات الانس من حضرات القدس,</subfield><subfield code="f">921ه, 1516م].</subfield></datafield><datafield tag="880" ind1="0" ind2=" "><subfield code="6">100-01/</subfield><subfield code="a">جامى.</subfield></datafield><datafield tag="CID" ind1=" " ind2=" "><subfield code="a">006814120</subfield></datafield><datafield tag="DAT" ind1="0" ind2=" "><subfield code="a">20190719102638.0</subfield><subfield code="b">20190719000000.0</subfield></datafield><datafield tag="DAT" ind1="1" ind2=" "><subfield code="a">20190719090653.0</subfield><subfield code="b">2019-07-19T16:11:47Z</subfield></datafield><datafield tag="DAT" ind1="2" ind2=" "><subfield code="a">2015-10-10T18:00:06Z</subfield></datafield><datafield tag="CAT" ind1=" " ind2=" "><subfield code="a">SDR-MIU</subfield><subfield code="d">EX LIBRIS - ALEPH</subfield><subfield code="l">prepare.pl-004-008</subfield></datafield><datafield tag="FMT" ind1=" " ind2=" "><subfield code="a">BK</subfield></datafield><datafield tag="HOL" ind1=" " ind2=" "><subfield code="0">sdr-miu006814120</subfield><subfield code="a">MiU</subfield><subfield code="b">SDR</subfield><subfield code="c">MIU</subfield><subfield code="p">mdp.39015079128768</subfield><subfield code="s">MIU</subfield><subfield code="1">006814120</subfield></datafield><datafield tag="974" ind1=" " ind2=" "><subfield code="b">MIU</subfield><subfield code="c">MIU</subfield><subfield code="d">20190719</subfield><subfield code="s">lit-dlps-dc</subfield><subfield code="u">mdp.39015079128768</subfield><subfield code="y">1516</subfield><subfield code="r">pd</subfield><subfield code="q">bib</subfield><subfield code="t">non-US bib date1 &lt; 1879</subfield></datafield></record></collection>